@article{GG1,
  title={On the Computation of {K}antorovich-{W}asserstein Distances between 2{D}-Histograms by Uncapacitated Minimum Cost Flows},
  author={Bassetti, F. and Gualandi, S. and Veneroni, M.},
  journal={arXiv preprint arXiv:1804.00445},
  year={2018}
}

@article{GG2,
  title={Computing {K}antorovich-{W}asserstein Distances on d-dimensional histograms using (d+1)-partite graphs},
  author={Auricchio, G. and Bassetti, F. and Gualandi, S. and Veneroni, M.},
  journal={arXiv preprint arXiv:1805.07416},
  year={2018}
}

@inproceedings{Rubner98,
  title={A metric for distributions with applications to image databases},
  author={Rubner, Y. and Tomasi, C. and Guibas, L.J.},
  booktitle={Sixth International Conference on Computer Vision},
  pages={59--66},
  year={1998},
  organization={IEEE}
}

@Article{Solomon2015,
  title={Convolutional {W}asserstein distances: Efficient optimal transportation on geometric domains},
  author={Solomon, J. and De Goes, F. and Peyr{\'e}, G. and Cuturi, M. and Butscher, A. and Nguyen, A. and Du, T. and Guibas, L.},
  journal={ACM Transactions on Graphics (TOG)},
  volume={34},
  number={4},
  pages={66},
  year={2015},
  publisher={ACM}
}

@inproceedings{Cuturi2013,
  title={{S}inkhorn distances: Lightspeed computation of {O}ptimal {T}ransport},
  author={Cuturi, M.},
  booktitle={Advances in Neural Information Processing Systems},
  pages={2292--2300},
  year={2013}
}